@misc{jake2019,
 author = {\href{https://tex.stackexchange.com/users/2552/jake}{Jake}},
 year={2019},
 title = {\href{https://tex.stackexchange.com/questions/11390/drawing-stars-similar-with-tikz}{Drawing Stars/Similar with \TikZ{}}},
 note = {Accessed: 2019-10-29},
}

@misc{overleafbibtex,
 author = {\href{https://www.overleaf.com}{Overleaf}},
 year={2019},
 title = {\href{https://www.overleaf.com/learn/latex/Bibliography_management_with_bibtex}{Bibliography management with \hologo{BibTeX}}},
 note = {Accessed: 2019-10-29},
}



@misc{overleaftables,
 author = {\href{https://www.overleaf.com}{Overleaf}},
 year={2019},
 title = {\href{https://www.overleaf.com/learn/latex/Tables}{Tables}},
 note = {Accessed: 2019-10-27},
}

@misc{latexenvironments,
 author = {\href{http://www.personal.ceu.hu/}{CEU Community}},
 year = {2019},
 title = {\href{http://www.personal.ceu.hu/tex/environ.htm}{\LaTeX{} Standard Environments}},
 note = {Accessed: 2019-11-05},
}